@article{bombal2012cuadratura,
  title={La cuadratura del c{\'\i}rculo: Historia de una obsesi{\'o}n.},
  author={Bombal Gord{\'o}n, Fernando},
  year={2012},
  journal={Real Academia de Ciencias Exactas, F{\'\i}sicas y Naturales}
}